@Book{latex,
  author =       {Leslie Lamport},
  title =        {LaTeX: User's guide \& reference manual},
  year =         {1986},
  publisher =    {Addison-Wesley},
}

