@inproceedings{bera_pythia_2021,
	address = {Virtual Event Greece},
	title = {Pythia: {A} {Customizable} {Hardware} {Prefetching} {Framework} {Using} {Online} {Reinforcement} {Learning}},
	isbn = {978-1-4503-8557-2},
	shorttitle = {Pythia},
	url = {https://dl.acm.org/doi/10.1145/3466752.3480114},
	doi = {10.1145/3466752.3480114},
	language = {en},
	urldate = {2023-01-24},
	booktitle = {{MICRO}-54: 54th {Annual} {IEEE}/{ACM} {International} {Symposium} on {Microarchitecture}},
	publisher = {ACM},
	author = {Bera, Rahul and Kanellopoulos, Konstantinos and Nori, Anant and Shahroodi, Taha and Subramoney, Sreenivas and Mutlu, Onur},
	month = oct,
	year = {2021},
	keywords = {next},
	pages = {1121--1137},
}

@inproceedings{talati_prodigy_2021,
	address = {Seoul, Korea (South)},
	title = {Prodigy: {Improving} the {Memory} {Latency} of {Data}-{Indirect} {Irregular} {Workloads} {Using} {Hardware}-{Software} {Co}-{Design}},
	isbn = {978-1-66542-235-2},
	shorttitle = {Prodigy},
	url = {https://ieeexplore.ieee.org/document/9407222/},
	doi = {10.1109/HPCA51647.2021.00061},
	urldate = {2022-09-27},
	booktitle = {2021 {IEEE} {International} {Symposium} on {High}-{Performance} {Computer} {Architecture} ({HPCA})},
	publisher = {IEEE},
	author = {Talati, Nishil and May, Kyle and Behroozi, Armand and Yang, Yichen and Kaszyk, Kuba and Vasiladiotis, Christos and Verma, Tarunesh and Li, Lu and Nguyen, Brandon and Sun, Jiawen and Morton, John Magnus and Ahmadi, Agreen and Austin, Todd and O'Boyle, Michael and Mahlke, Scott and Mudge, Trevor and Dreslinski, Ronald},
	month = feb,
	year = {2021},
	keywords = {L1, programmable prefetcher, reactive},
	pages = {654--667},
}

@article{ainsworth_software_2018,
	title = {Software {Prefetching} for {Indirect} {Memory} {Accesses}: {A} {Microarchitectural} {Perspective}},
	volume = {36},
	issn = {0734-2071, 1557-7333},
	shorttitle = {Software {Prefetching} for {Indirect} {Memory} {Accesses}},
	url = {https://dl.acm.org/doi/10.1145/3319393},
	doi = {10.1145/3319393},
	number = {3},
	urldate = {2023-03-10},
	journal = {ACM Transactions on Computer Systems},
	author = {Ainsworth, Sam and Jones, Timothy M.},
	month = aug,
	year = {2018},
	pages = {1--34},
}

@article{Manocha2021,
	doi = {10.1145/3469846},
	url = {https://doi.org/10.1145/3469846},
	year = {2021},
	month = sep,
	publisher = {Association for Computing Machinery ({ACM})},
	volume = {18},
	number = {4},
	pages = {1--26},
	author = {Aninda Manocha and Tyler Sorensen and Esin Tureci and Opeoluwa Matthews and Juan L. Arag{\'{o}}n and Margaret Martonosi},
	title = {{GraphAttack}},
	journal = {{ACM} Transactions on Architecture and Code Optimization}
}

@inproceedings{Nguyen2023,
	doi = {10.1109/hpca56546.2023.10071026},
	url = {https://doi.org/10.1109/hpca56546.2023.10071026},
	year = {2023},
	month = feb,
	publisher = {{IEEE}},
	author = {Quan M. Nguyen and Daniel Sanchez},
	title = {Phloem: Automatic Acceleration of Irregular Applications with Fine-Grain Pipeline Parallelism},
	booktitle = {2023 {IEEE} International Symposium on High-Performance Computer Architecture ({HPCA})}
}

@article{Dijkstra1983,
	doi = {10.1016/0020-0190(83)90092-3},
	url = {https://doi.org/10.1016/0020-0190(83)90092-3},
	year = {1983},
	month = jun,
	publisher = {Elsevier {BV}},
	volume = {16},
	number = {5},
	pages = {217--219},
	author = {Edsger W. Dijkstra and W.H.J. Feijen and A.J.M. van Gasteren},
	title = {Derivation of a termination detection algorithm for distributed computations},
	journal = {Information Processing Letters}
}

@article{cytron_efficiently_1991,
	title = {Efficiently computing static single assignment form and the control dependence graph},
	volume = {13},
	issn = {0164-0925, 1558-4593},
	url = {https://dl.acm.org/doi/10.1145/115372.115320},
	doi = {10.1145/115372.115320},
	language = {en},
	number = {4},
	urldate = {2023-02-07},
	journal = {ACM Transactions on Programming Languages and Systems},
	author = {Cytron, Ron and Ferrante, Jeanne and Rosen, Barry K. and Wegman, Mark N. and Zadeck, F. Kenneth},
	month = oct,
	year = {1991},
	pages = {451--490},
}

@article{Weiser1984,
	doi = {10.1109/tse.1984.5010248},
	url = {https://doi.org/10.1109/tse.1984.5010248},
	year = {1984},
	month = jul,
	publisher = {Institute of Electrical and Electronics Engineers ({IEEE})},
	volume = {{SE}-10},
	number = {4},
	pages = {352--357},
	author = {Mark Weiser},
	title = {Program Slicing},
	journal = {{IEEE} Transactions on Software Engineering}
}
